@BOOK{Sakurai2020-pu,
  title     = "Modern quantum mechanics",
  author    = "Sakurai, J. J. and Napolitano, Jim",
  publisher = "Cambridge University Press",
  edition   =  3,
  month     =  sep,
  year      =  2020,
  address   = "Cambridge, England",
  language  = "en"
}

@BOOK{Shankar2012-kg,
  title     = "Principles of quantum mechanics",
  author    = "Shankar, R.",
  publisher = "Springer",
  month     =  jul,
  year      =  2012,
  address   = "New York, NY",
  language  = "en"
}

@article{Bender2005,
  title={Introduction to PT-symmetric quantum theory},
  volume={46},
  ISSN={1366-5812},
  url={http://dx.doi.org/10.1080/00107500072632},
  DOI={10.1080/00107500072632},
  number={4},
  journal={Contemporary Physics},
  publisher={Informa UK Limited},
  author={Bender, Carl M},
  year={2005},
  month=jul,
  pages={277--292}
}

@article{Bender2007,
  title={Making sense of non-Hermitian Hamiltonians},
  volume={70},
  ISSN={1361-6633},
  url={http://dx.doi.org/10.1088/0034-4885/70/6/R03},
  DOI={10.1088/0034-4885/70/6/r03},
  number={6},
  journal={Reports on Progress in Physics},
  publisher={IOP Publishing},
  author={Bender, Carl M},
  year={2007},
  month=may, pages={947-1018}
}


@misc{bender2024,
  title={PT-symmetric quantum mechanics}, 
  author={Carl M. Bender and Daniel W. Hook},
  year={2023},
  eprint={2312.17386},
  archivePrefix={arXiv},
  primaryClass={quant-ph},
  url={https://arxiv.org/abs/2312.17386}, 
}

@BOOK{Bernardini1993-iy,
  title     = "Metodi matematici della fisica",
  author    = "Bernardini, Carlo and Ragnisco, Orlando and Santini, Paolo Maria",
  publisher = "Carocci editore",
  year      =  1993,
  language  = "it"
}

@BOOK{Goldstein2005-ep,
  title     = "Meccanica classica",
  author    = "Goldstein, Herbert and Poole, Charles and Safko, John",
  publisher = "Zanichelli editore",
  year      =  2005,
  language  = "it"
}